%YAML 1.1
%TAG !u! tag:unity3d.com,2011:
--- !u!1 &2218156328239850238
GameObject:
  m_ObjectHideFlags: 0
  m_CorrespondingSourceObject: {fileID: 0}
  m_PrefabInstance: {fileID: 0}
  m_PrefabAsset: {fileID: 0}
  serializedVersion: 6
  m_Component:
  - component: {fileID: 1550269344141097028}
  - component: {fileID: 7722576694395872267}
  m_Layer: 0
  m_Name: 137_P_TempleLeg
  m_TagString: Untagged
  m_Icon: {fileID: 0}
  m_NavMeshLayer: 0
  m_StaticEditorFlags: 4294967295
  m_IsActive: 1
--- !u!4 &1550269344141097028
Transform:
  m_ObjectHideFlags: 0
  m_CorrespondingSourceObject: {fileID: 0}
  m_PrefabInstance: {fileID: 0}
  m_PrefabAsset: {fileID: 0}
  m_GameObject: {fileID: 2218156328239850238}
  m_LocalRotation: {x: -0, y: -0, z: -0, w: 1}
  m_LocalPosition: {x: 0, y: 0, z: 0}
  m_LocalScale: {x: 1, y: 1, z: 1}
  m_Children:
  - {fileID: 4734052666419390036}
  - {fileID: 2841795450096336440}
  - {fileID: 3125791046289548326}
  m_Father: {fileID: 0}
  m_RootOrder: 0
  m_LocalEulerAnglesHint: {x: 0, y: -18.946001, z: 0}
--- !u!205 &7722576694395872267
LODGroup:
  m_ObjectHideFlags: 0
  m_CorrespondingSourceObject: {fileID: 0}
  m_PrefabInstance: {fileID: 0}
  m_PrefabAsset: {fileID: 0}
  m_GameObject: {fileID: 2218156328239850238}
  serializedVersion: 2
  m_LocalReferencePoint: {x: 55.727867, y: 87.4968, z: -32.620438}
  m_Size: 203.57968
  m_FadeMode: 1
  m_AnimateCrossFading: 0
  m_LastLODIsBillboard: 0
  m_LODs:
  - screenRelativeHeight: 0.5039548
    fadeTransitionWidth: 0.251
    renderers:
    - renderer: {fileID: 5906918471684644155}
  - screenRelativeHeight: 0.14973973
    fadeTransitionWidth: 0.283
    renderers:
    - renderer: {fileID: 3979837623078208855}
  - screenRelativeHeight: 0.021629125
    fadeTransitionWidth: 0.204
    renderers:
    - renderer: {fileID: 4263262575689506633}
  m_Enabled: 1
--- !u!64 &7338766907183825284
MeshCollider:
  m_ObjectHideFlags: 0
  m_CorrespondingSourceObject: {fileID: 0}
  m_PrefabInstance: {fileID: 0}
  m_PrefabAsset: {fileID: 0}
  m_GameObject: {fileID: 5402467416705563886}
  m_Material: {fileID: 0}
  m_IsTrigger: 0
  m_Enabled: 1
  serializedVersion: 4
  m_Convex: 0
  m_CookingOptions: 30
  m_Mesh: {fileID: -2222262052466342543, guid: 053a45310603b455b9cd1709c4f4f8de, type: 3}
--- !u!1001 &2376401533935638995
PrefabInstance:
  m_ObjectHideFlags: 0
  serializedVersion: 2
  m_Modification:
    m_TransformParent: {fileID: 1550269344141097028}
    m_Modifications:
    - target: {fileID: -8679921383154817045, guid: f505d3b941ce74c05994781a08f15907, type: 3}
      propertyPath: m_RootOrder
      value: 1
      objectReference: {fileID: 0}
    - target: {fileID: -8679921383154817045, guid: f505d3b941ce74c05994781a08f15907, type: 3}
      propertyPath: m_LocalScale.x
      value: 0.39321446
      objectReference: {fileID: 0}
    - target: {fileID: -8679921383154817045, guid: f505d3b941ce74c05994781a08f15907, type: 3}
      propertyPath: m_LocalScale.y
      value: 0.39321446
      objectReference: {fileID: 0}
    - target: {fileID: -8679921383154817045, guid: f505d3b941ce74c05994781a08f15907, type: 3}
      propertyPath: m_LocalScale.z
      value: 0.39321446
      objectReference: {fileID: 0}
    - target: {fileID: -8679921383154817045, guid: f505d3b941ce74c05994781a08f15907, type: 3}
      propertyPath: m_LocalPosition.x
      value: 1.1
      objectReference: {fileID: 0}
    - target: {fileID: -8679921383154817045, guid: f505d3b941ce74c05994781a08f15907, type: 3}
      propertyPath: m_LocalPosition.y
      value: 0
      objectReference: {fileID: 0}
    - target: {fileID: -8679921383154817045, guid: f505d3b941ce74c05994781a08f15907, type: 3}
      propertyPath: m_LocalPosition.z
      value: 1.2
      objectReference: {fileID: 0}
    - target: {fileID: -8679921383154817045, guid: f505d3b941ce74c05994781a08f15907, type: 3}
      propertyPath: m_LocalRotation.w
      value: 0.30976397
      objectReference: {fileID: 0}
    - target: {fileID: -8679921383154817045, guid: f505d3b941ce74c05994781a08f15907, type: 3}
      propertyPath: m_LocalRotation.x
      value: 0
      objectReference: {fileID: 0}
    - target: {fileID: -8679921383154817045, guid: f505d3b941ce74c05994781a08f15907, type: 3}
      propertyPath: m_LocalRotation.y
      value: 0.95081353
      objectReference: {fileID: 0}
    - target: {fileID: -8679921383154817045, guid: f505d3b941ce74c05994781a08f15907, type: 3}
      propertyPath: m_LocalRotation.z
      value: 0
      objectReference: {fileID: 0}
    - target: {fileID: -8679921383154817045, guid: f505d3b941ce74c05994781a08f15907, type: 3}
      propertyPath: m_LocalEulerAnglesHint.x
      value: 0
      objectReference: {fileID: 0}
    - target: {fileID: -8679921383154817045, guid: f505d3b941ce74c05994781a08f15907, type: 3}
      propertyPath: m_LocalEulerAnglesHint.y
      value: 143.91
      objectReference: {fileID: 0}
    - target: {fileID: -8679921383154817045, guid: f505d3b941ce74c05994781a08f15907, type: 3}
      propertyPath: m_LocalEulerAnglesHint.z
      value: 0
      objectReference: {fileID: 0}
    - target: {fileID: -7511558181221131132, guid: f505d3b941ce74c05994781a08f15907, type: 3}
      propertyPath: m_ScaleInLightmap
      value: 0.24
      objectReference: {fileID: 0}
    - target: {fileID: -7511558181221131132, guid: f505d3b941ce74c05994781a08f15907, type: 3}
      propertyPath: m_Materials.Array.data[0]
      value: 
      objectReference: {fileID: 2100000, guid: 9ea2790c4bafb43689dba536360a35a5, type: 2}
    - target: {fileID: -7511558181221131132, guid: f505d3b941ce74c05994781a08f15907, type: 3}
      propertyPath: m_Materials.Array.data[1]
      value: 
      objectReference: {fileID: 2100000, guid: 822b322c8f862490184800b36b9e8a6b, type: 2}
    - target: {fileID: 919132149155446097, guid: f505d3b941ce74c05994781a08f15907, type: 3}
      propertyPath: m_Name
      value: 204_TempleArm_1K
      objectReference: {fileID: 0}
    - target: {fileID: 919132149155446097, guid: f505d3b941ce74c05994781a08f15907, type: 3}
      propertyPath: m_StaticEditorFlags
      value: 4294967295
      objectReference: {fileID: 0}
    m_RemovedComponents: []
  m_SourcePrefab: {fileID: 100100000, guid: f505d3b941ce74c05994781a08f15907, type: 3}
--- !u!4 &2841795450096336440 stripped
Transform:
  m_CorrespondingSourceObject: {fileID: -8679921383154817045, guid: f505d3b941ce74c05994781a08f15907, type: 3}
  m_PrefabInstance: {fileID: 2376401533935638995}
  m_PrefabAsset: {fileID: 0}
--- !u!23 &3979837623078208855 stripped
MeshRenderer:
  m_CorrespondingSourceObject: {fileID: -7511558181221131132, guid: f505d3b941ce74c05994781a08f15907, type: 3}
  m_PrefabInstance: {fileID: 2376401533935638995}
  m_PrefabAsset: {fileID: 0}
--- !u!1001 &3236877673973285837
PrefabInstance:
  m_ObjectHideFlags: 0
  serializedVersion: 2
  m_Modification:
    m_TransformParent: {fileID: 1550269344141097028}
    m_Modifications:
    - target: {fileID: -8679921383154817045, guid: 053a45310603b455b9cd1709c4f4f8de, type: 3}
      propertyPath: m_RootOrder
      value: 2
      objectReference: {fileID: 0}
    - target: {fileID: -8679921383154817045, guid: 053a45310603b455b9cd1709c4f4f8de, type: 3}
      propertyPath: m_LocalScale.x
      value: 0.39321446
      objectReference: {fileID: 0}
    - target: {fileID: -8679921383154817045, guid: 053a45310603b455b9cd1709c4f4f8de, type: 3}
      propertyPath: m_LocalScale.y
      value: 0.39321446
      objectReference: {fileID: 0}
    - target: {fileID: -8679921383154817045, guid: 053a45310603b455b9cd1709c4f4f8de, type: 3}
      propertyPath: m_LocalScale.z
      value: 0.39321446
      objectReference: {fileID: 0}
    - target: {fileID: -8679921383154817045, guid: 053a45310603b455b9cd1709c4f4f8de, type: 3}
      propertyPath: m_LocalPosition.x
      value: 1.1
      objectReference: {fileID: 0}
    - target: {fileID: -8679921383154817045, guid: 053a45310603b455b9cd1709c4f4f8de, type: 3}
      propertyPath: m_LocalPosition.y
      value: 0
      objectReference: {fileID: 0}
    - target: {fileID: -8679921383154817045, guid: 053a45310603b455b9cd1709c4f4f8de, type: 3}
      propertyPath: m_LocalPosition.z
      value: 1.2
      objectReference: {fileID: 0}
    - target: {fileID: -8679921383154817045, guid: 053a45310603b455b9cd1709c4f4f8de, type: 3}
      propertyPath: m_LocalRotation.w
      value: 0.30976397
      objectReference: {fileID: 0}
    - target: {fileID: -8679921383154817045, guid: 053a45310603b455b9cd1709c4f4f8de, type: 3}
      propertyPath: m_LocalRotation.x
      value: 0
      objectReference: {fileID: 0}
    - target: {fileID: -8679921383154817045, guid: 053a45310603b455b9cd1709c4f4f8de, type: 3}
      propertyPath: m_LocalRotation.y
      value: 0.95081353
      objectReference: {fileID: 0}
    - target: {fileID: -8679921383154817045, guid: 053a45310603b455b9cd1709c4f4f8de, type: 3}
      propertyPath: m_LocalRotation.z
      value: 0
      objectReference: {fileID: 0}
    - target: {fileID: -8679921383154817045, guid: 053a45310603b455b9cd1709c4f4f8de, type: 3}
      propertyPath: m_LocalEulerAnglesHint.x
      value: 0
      objectReference: {fileID: 0}
    - target: {fileID: -8679921383154817045, guid: 053a45310603b455b9cd1709c4f4f8de, type: 3}
      propertyPath: m_LocalEulerAnglesHint.y
      value: 143.91
      objectReference: {fileID: 0}
    - target: {fileID: -8679921383154817045, guid: 053a45310603b455b9cd1709c4f4f8de, type: 3}
      propertyPath: m_LocalEulerAnglesHint.z
      value: 0
      objectReference: {fileID: 0}
    - target: {fileID: -7511558181221131132, guid: 053a45310603b455b9cd1709c4f4f8de, type: 3}
      propertyPath: m_ScaleInLightmap
      value: 0.12
      objectReference: {fileID: 0}
    - target: {fileID: -7511558181221131132, guid: 053a45310603b455b9cd1709c4f4f8de, type: 3}
      propertyPath: m_Materials.Array.data[0]
      value: 
      objectReference: {fileID: 2100000, guid: 822b322c8f862490184800b36b9e8a6b, type: 2}
    - target: {fileID: 919132149155446097, guid: 053a45310603b455b9cd1709c4f4f8de, type: 3}
      propertyPath: m_Name
      value: 204_TempleArm_300
      objectReference: {fileID: 0}
    - target: {fileID: 919132149155446097, guid: 053a45310603b455b9cd1709c4f4f8de, type: 3}
      propertyPath: m_StaticEditorFlags
      value: 4294967295
      objectReference: {fileID: 0}
    m_RemovedComponents: []
  m_SourcePrefab: {fileID: 100100000, guid: 053a45310603b455b9cd1709c4f4f8de, type: 3}
--- !u!4 &3125791046289548326 stripped
Transform:
  m_CorrespondingSourceObject: {fileID: -8679921383154817045, guid: 053a45310603b455b9cd1709c4f4f8de, type: 3}
  m_PrefabInstance: {fileID: 3236877673973285837}
  m_PrefabAsset: {fileID: 0}
--- !u!23 &4263262575689506633 stripped
MeshRenderer:
  m_CorrespondingSourceObject: {fileID: -7511558181221131132, guid: 053a45310603b455b9cd1709c4f4f8de, type: 3}
  m_PrefabInstance: {fileID: 3236877673973285837}
  m_PrefabAsset: {fileID: 0}
--- !u!1001 &5059797119499911615
PrefabInstance:
  m_ObjectHideFlags: 0
  serializedVersion: 2
  m_Modification:
    m_TransformParent: {fileID: 1550269344141097028}
    m_Modifications:
    - target: {fileID: -8679921383154817045, guid: 5a1c202523a4b4f04967f120b157a203, type: 3}
      propertyPath: m_RootOrder
      value: 0
      objectReference: {fileID: 0}
    - target: {fileID: -8679921383154817045, guid: 5a1c202523a4b4f04967f120b157a203, type: 3}
      propertyPath: m_LocalScale.x
      value: 0.39321446
      objectReference: {fileID: 0}
    - target: {fileID: -8679921383154817045, guid: 5a1c202523a4b4f04967f120b157a203, type: 3}
      propertyPath: m_LocalScale.y
      value: 0.39321446
      objectReference: {fileID: 0}
    - target: {fileID: -8679921383154817045, guid: 5a1c202523a4b4f04967f120b157a203, type: 3}
      propertyPath: m_LocalScale.z
      value: 0.39321446
      objectReference: {fileID: 0}
    - target: {fileID: -8679921383154817045, guid: 5a1c202523a4b4f04967f120b157a203, type: 3}
      propertyPath: m_LocalPosition.x
      value: 1.1
      objectReference: {fileID: 0}
    - target: {fileID: -8679921383154817045, guid: 5a1c202523a4b4f04967f120b157a203, type: 3}
      propertyPath: m_LocalPosition.y
      value: 0
      objectReference: {fileID: 0}
    - target: {fileID: -8679921383154817045, guid: 5a1c202523a4b4f04967f120b157a203, type: 3}
      propertyPath: m_LocalPosition.z
      value: 1.2
      objectReference: {fileID: 0}
    - target: {fileID: -8679921383154817045, guid: 5a1c202523a4b4f04967f120b157a203, type: 3}
      propertyPath: m_LocalRotation.w
      value: 0.30976397
      objectReference: {fileID: 0}
    - target: {fileID: -8679921383154817045, guid: 5a1c202523a4b4f04967f120b157a203, type: 3}
      propertyPath: m_LocalRotation.x
      value: 0
      objectReference: {fileID: 0}
    - target: {fileID: -8679921383154817045, guid: 5a1c202523a4b4f04967f120b157a203, type: 3}
      propertyPath: m_LocalRotation.y
      value: 0.95081353
      objectReference: {fileID: 0}
    - target: {fileID: -8679921383154817045, guid: 5a1c202523a4b4f04967f120b157a203, type: 3}
      propertyPath: m_LocalRotation.z
      value: 0
      objectReference: {fileID: 0}
    - target: {fileID: -8679921383154817045, guid: 5a1c202523a4b4f04967f120b157a203, type: 3}
      propertyPath: m_LocalEulerAnglesHint.x
      value: 0
      objectReference: {fileID: 0}
    - target: {fileID: -8679921383154817045, guid: 5a1c202523a4b4f04967f120b157a203, type: 3}
      propertyPath: m_LocalEulerAnglesHint.y
      value: 143.91
      objectReference: {fileID: 0}
    - target: {fileID: -8679921383154817045, guid: 5a1c202523a4b4f04967f120b157a203, type: 3}
      propertyPath: m_LocalEulerAnglesHint.z
      value: 0
      objectReference: {fileID: 0}
    - target: {fileID: -7511558181221131132, guid: 5a1c202523a4b4f04967f120b157a203, type: 3}
      propertyPath: m_ScaleInLightmap
      value: 0.2
      objectReference: {fileID: 0}
    - target: {fileID: -7511558181221131132, guid: 5a1c202523a4b4f04967f120b157a203, type: 3}
      propertyPath: m_Materials.Array.data[0]
      value: 
      objectReference: {fileID: 2100000, guid: 9ea2790c4bafb43689dba536360a35a5, type: 2}
    - target: {fileID: -7511558181221131132, guid: 5a1c202523a4b4f04967f120b157a203, type: 3}
      propertyPath: m_Materials.Array.data[1]
      value: 
      objectReference: {fileID: 2100000, guid: 822b322c8f862490184800b36b9e8a6b, type: 2}
    - target: {fileID: 919132149155446097, guid: 5a1c202523a4b4f04967f120b157a203, type: 3}
      propertyPath: m_Name
      value: 204_TempleArm_2K
      objectReference: {fileID: 0}
    - target: {fileID: 919132149155446097, guid: 5a1c202523a4b4f04967f120b157a203, type: 3}
      propertyPath: m_StaticEditorFlags
      value: 4294967295
      objectReference: {fileID: 0}
    m_RemovedComponents: []
  m_SourcePrefab: {fileID: 100100000, guid: 5a1c202523a4b4f04967f120b157a203, type: 3}
--- !u!1 &5402467416705563886 stripped
GameObject:
  m_CorrespondingSourceObject: {fileID: 919132149155446097, guid: 5a1c202523a4b4f04967f120b157a203, type: 3}
  m_PrefabInstance: {fileID: 5059797119499911615}
  m_PrefabAsset: {fileID: 0}
--- !u!4 &4734052666419390036 stripped
Transform:
  m_CorrespondingSourceObject: {fileID: -8679921383154817045, guid: 5a1c202523a4b4f04967f120b157a203, type: 3}
  m_PrefabInstance: {fileID: 5059797119499911615}
  m_PrefabAsset: {fileID: 0}
--- !u!23 &5906918471684644155 stripped
MeshRenderer:
  m_CorrespondingSourceObject: {fileID: -7511558181221131132, guid: 5a1c202523a4b4f04967f120b157a203, type: 3}
  m_PrefabInstance: {fileID: 5059797119499911615}
  m_PrefabAsset: {fileID: 0}
